@article{
  unet,
  author  = {Olaf Ronneberger and Philipp Fischer and Thomas Brox},
  title   = {U-Net: Convolutional Networks for Biomedical Image Segmentation},
  journal = {arXiv:1505.04597},
  year    = 2015
}

@article{
  vgg,
  author  = {Karen Simonyan and Andrew Zisserman},
  title   = {Very Deep Convolutional Networks for Large-Scale Image Recognition},
  journal = {arXiv:1409.1556},
  year    = 2014
}

@article{
  ternausnet,
  author  = {V. Iglovikov and A. Shvets},
  title   = {TernausNet: U-Net with VGG11 Encoder Pre-Trained on ImageNet for Image Segmentation},
  journal = {ArXiv:1801.05746},
  year    = 2018
}

@article{
  gh-prostate,
  author  = {Ken ENDA},
  title   = {Source codes of DL system using U-Net model},
  journal = {https://github.com/endaaman/prostate},
}

@article{
  gh-pai,
  author  = {Ken ENDA},
  title   = {Source codes of the client/server application},
  journal = {https://github.com/endaaman/pai},
}
