@article{
  gh-prostate,
  author  = {Ken ENDA},
  title   = {Source codes of DL system using U-Net model},
  journal = {https://github.com/endaaman/prostate},
}

@article{
  gh-pai,
  author  = {Ken ENDA},
  title   = {Source codes of the client/server application},
  journal = {https://github.com/endaaman/pai},
}
